@book{ostrom1990,
  title={Governing the Commons: The Evolution of Institutions for Collective Action},
  author={Elinor Ostrom},
  publisher = {Cambridge University Press},
  year={1990}
}

@article{provencher1993,
  title={The Externalities Associated with the Common Property Exploitation of Groundwater},
  author={Bill Provencher and Oscar Burt},
  journal={Journal of Environmental Economics and Management},
  volume={24},
  pages={139--158},
  year={1993}
}

@article{siebert2010,
  title={Groundwater use for irrigation – a global inventory},
  author={Siebert, S. and Burke, J. and Faures, J. M. and Frenken, K. and Hoogeveen, J. and Döll, P. and Portmann, F. T.},
  journal={Hydrology and Earth System Sciences},
  volume={14},
  pages={1863–-1880},
  year={2010}
}



@article{schlenker2007,
  title={Water availability, degree days, and the potential impact of climate change on irrigated agriculture in California},
  author={Wolfram Schlenker and Michael Hanemann and Anthony C. Fisher},
  journal={Climatic Change},
  volume={81},
  number ={1},
  pages={19--38},
  year={2007}
}





@article{alberini2011,
  title={Response of residential electricity demand to price: The effect of measurement error},
  author={Anna Alberini and Massimo Filippini},
  journal={Energy Economics},
  volume={33},
  pages={889--895},
  year={2011}
}


@article{crs2015,
  title={California agricultural production and irrigated water use},
  author={Renee Johnson and Betsy A. Cody},
  note = {Congressional Research Service report},
  year={2015}
}

@article{ers2018,
  title={Crop values: 2017 summary},
  author = {USDA},
  note = {United States Department of Agriculture report},
  year={2018}
}

@article{cdwr2015,
  title={California’s Groundwater Update 2013},
  author = {{California Department of Water Resources}},
  note = {Technical Report April 2015},
  year={2015}
}

@article{cdwr2014,
  title={Public Update for Drought Response Groundwater Basins with Potential Water Shortages and Gaps in Groundwater Monitoring},
  author = {{California Department of Water Resources}},
  note = {Technical Report},
  year={2014}
}




@article{cdfa2011,
  title={California agricultural
resource directory 2010–2011},
  author = {{California Department of Food and Agriculture}},
  year={2011}
}

@article{cec2005,
  title={California's water-energy relationship},
  author = {{California Energy Commission}},
  note = {CEC Report 700-2005-011-SF},
  year={2005}
}

@article{sawyers2007,
  title={A primer on California water rights},
  author={Gary Sawyers},
  note = {UC Davis Cooperative Extension working paper},
  year={2007}
}






@article{mieno2017,
  title={Price Elasticity of Groundwater Demand: Attenuation and Amplification Bias Due to Incomplete Information},
  author={Taro Mieno and Nicholas Brozovic},
  journal={American Journal of Agricultural Economics},
  volume={99},
  number={2},
  pages={401--426},
  year={2017}
}



@article{gonzalezalvarez2006,
  title={Farm-level irrigation and the marginal cost of water use: evidence from Georgia},
  author={Y. Gonzalez-Alvarez and A.G. Keeler and J.D. Mullen},
  journal={Journal of Environmental Management},
  volume={80},
  number={4},
  pages={311--317},
  year={2006}
}

@article{moore1994,
  title={Multicrop production decisions in western irrigated agriculture: The role of water price},
  author={Michael R. Moore and Noel R. Gollehon and Marc B. Carey},
  journal={American Journal of Agricultural Economics},
  volume={76},
  number={4},
  pages={859--874},
  year={1994}
}

@article{blonz2016,
  title={Making the best of the second-best: Welfare consequences of time-varying electricity prices},
  author={Joshua A. Blonz},
  year={2016},
  note={Energy Institute at Haas Working Paper 275}
}

@article{deryugina2018,
  title={The long-run dynamics of electricity demand: Evidence from municipal aggregation},
  author={Tatyana Deryugina and Alexander MacKay and Julian Reif},
  year={2018},
  note = {Working paper}
}

@article{fell2014,
  title={A new look at residential electricity demand using household expenditure data},
  author={Harrison Fell and Shanjun Li and Anthony Paul},
  journal = {International Journal of Industrial Organization},
  volume = {33},
  pages = {37--47},
  year={2014}
}

@article{fowlie2018,
  title={Default effects and follow-on behavior: Evidence from an electricity pricing program},
  author={Meredith Fowlie and Catherine Wolfram and C. Anna Spurlock and Annika Todd and Patrick Baylis and Peter Cappers},
  year={2018},
  note = {Working paper}
}

@article{ito2014,
  title={Do consumers respond to marginal or average price? Evidence from nonlinear electricity pricing},
  author={Koichiro Ito},
  journal = {American Economic Review},
  volume = {104},
  number = {2},
  pages = {537--563},
  year={2014}
}

@article{ito2018,
  title={Moral suasion and economic incentives: Field experimental evidence from electricity demand},
  author={Koichiro Ito and Takanori Ida and Makoto Tanaka},
  journal={American Economic Journal: Economic Policy},
  volume = {10},
  number = {1},
  pages = {240--267},
  year={2018}
}


@article{jessoe2014,
  title={Knowledge is (less) power: Experimental evidence from residential electricity use},
  author={Katrina Jessoe and David Rapson},
  journal = {American Economic Review},
  volume = {104},
  number = {4},
  pages = {1417--1438},
  year={2014}
}

@article{jessoe2015,
  title={Commercial and industrial demand response under mandatory time-of-use electricity pricing},
  author={Katrina Jessoe and David Rapson},
  journal = {Journal of Industrial Economics},
  volume = {63},
  number = {3},
  pages = {397--421},
  year={2015}
}

@article{paul2009,
  title={A partial adjustment model of U.S. electricity demand by region, season, and sector},
  author={Anthony Paul and Erica Myers and Karen Palmer},
  note = {Resources for the Future Working Paper DP 08-50},
  year={2009}
}

@article{reiss2005,
  title={Household electricity demand, revisited},
  author={Peter C. Reiss and Matthew W. White},
  journal = {Review of Economic Studies},
  volume = {72},
  pages = {853--883},
  year={2005}
}

@article{wolak2011,
  title={Do residential customers respond to hourly prices? Evidence from a dynamic pricing experiment},
  author={Frank A. Wolak},
  journal = {American Economic Review},
  volume = {101},
  number = {3},
  pages = {83--87},
  year={2011}
}



@article{baerenklau2014,
  title={The residential water demand effect of increasing block rate water budgets},
  author={Kenneth A. Baerenklau and Kurt A. Schwabe and Ariel Dinar},
  journal = {Land Economics},
  volume = {90},
  number = {4},
  pages = {683--699},
  year={2014}
}

@article{famiglietti2014,
  title={The global groundwater crisis},
  author={J. S. Famiglietti},
  journal = {Nature Climate Change},
  volume = {4},
  number = {11},
  pages = {945},
  year={2014}
}

@article{ryan2020,
  title={Rationing the commons},
  author={Nicholas Ryan and Anant Sudarshan},
note = {Mimeo},
  year={2020}
}


@article{bruno2018,
  title={Water markets and climate change adaptation: Micro-level evidence on agricultural water demand},
  author={Ellen Bruno and Katrina Jessoe},
note = {Mimeo},
  year={2018}
}

@article{buck2016,
  title={Measuring welfare losses from urban water supply disruptions},
  author={Steven Buck and Maximilian Auffhammer and Stephen Hamilton and David Sunding},
  journal = {Journal of the Association of Environmental and Resource Economists},
  volume = {3},
  number = {3},
  pages = {743--778},
  year={2016}
}


@article{sunding2010,
  title={On the spatial nature of the groundwater pumping externality},
  author={David L. Sunding and David Zilberman and Nicholas Brozovic},
  journal = {Resource and Energy Economics},
  volume = {32},
  number = {2},
  pages = {154--164},
  year={2010}
}


@article{hagerty2018,
  title={Liquid constrained in California: Estimating the potential gains from water markets},
  author={Nick Hagerty},
  note = {Working paper},
  year={2018}
}

@article{hagerty2019,
  title={The scope for climate adaptation: Evidence from water scarcity in irrigated agriculture},
  author={Nick Hagerty},
  note = {Working paper},
  year={2019}
}



@article{hendricks2012,
  title={Fixed effects estimation of the intensive and extensive margins of irrigation water},
  author={Nathan P. Hendricks and Jeffrey M. Peterson},
  journal = {Journal of Agricultural and Resource Economics},
  volume = {37},
  number = {1},
  pages = {1--19},
  year={2012}
}

@article{nataraj2011,
  title={Does marginal price matter? A regression discontinuity approach to estimating water demand},
  author={Shanthi Nataraj},
  journal = {Journal of Environmental Economics and Management},
  volume = {61},
  pages = {198--212},
  year={2011}
}

@article{schoengold2006,
  title={Price elasticity reconsidered: Panel estimation of an agricultural water demand function},
  author={Katrina Schoengold and David L. Sunding and Georgina Moreno},
  journal = {Water Resources Research},
  volume = {42},
  year={2014}
}


@article{ito2013,
  title={How do consumers respond to nonlinear pricing? Evidence from household water demand},
  author={Koichiro Ito},
  note = {Working paper},
  year={2013}
}

@article{wichman2016,
  title={Conservation policies: Who responds to price and who responds to prescription?},
  author={Casey J. Wichman and Laura O. Taylor and Roger H. von Haefen},
  journal = {Journal of Environmental Economics and Management},
  volume = {79},
  pages = {114--134},
  year={2016}
}


@article{wichman2014,
  title={Perceived price in residential water demand: Evidence from a natural experiment},
  author={Casey J. Wichman},
  journal = {Journal of Economic Behavior and Organization},
  volume = {107},
  pages = {308--323},
  year={2014}
}

@article{badiani2015,
  title={The impact of electricity subsidies on groundwater extraction and agricultural production},
  author={Reena Badiani and Katrina Jessoe},
  note = {Working paper},
  year={2015}
}

@article{pfeiffer2014,
  title={The effects of energy prices on agricultural groundwater extraction from the High Plains aquifer},
  author={Lisa Pfeiffer and C.-Y. Cynthia Lin},
  journal = {American Journal of Agricultural Economics},
  volume = {96},
  number = {5},
  pages = {1349--1362},
  year={2014}
}


@article{pfeiffer2012,
  title={Groundwater pumping and spatial externalities in agriculture},
  author={Lisa Pfeiffer and C.-Y. Cynthia Lin},
  journal = {Journal of Environmental Economics and Management},
  volume = {64},
  number = {1},
  pages = {16--30},
  year={2012}
}

@article{hewitt1995,
  title={A discrete/continuous choice approach to residential water demand under block rate pricing},
  author={J.A. Hewitt and W.M. Hanemann},
  journal = {Land Economics},
  volume = {71},
  number = {2},
  pages = {173--192},
  year={1995}
}

@article{renwick2000,
  title={Do residential water demand side management policies measure up? An analysis of eight California water agencies},
  author={E.M. Renwick and R.D. Green},
  journal = {Journal of Environmental Economics and Management},
  volume = {40},
  number = {1},
  pages = {37--55},
  year={2000}
}

@article{olmstead2007,
  title={Water demand under alternative price structures},
  author={S.M. Olmstead and Michael W. Hanemann and R.N. Stavins},
  journal = {Journal of Environmental Economics and Management},
  volume = {54},
  number = {2},
  pages = {181--198},
  year={2007}
}
